@article{elmagarmid2007duplicate,
  title={Duplicate record detection: A survey},
  author={Elmagarmid, Ahmed K and Ipeirotis, Panagiotis G and Verykios, Vassilios S},
  journal={IEEE Transactions on knowledge and data engineering},
  volume={19},
  number={1},
  pages={1--16},
  year={2007},
  publisher={IEEE}
}

@article{kopcke2010evaluation,
  title={Evaluation of entity resolution approaches on real-world match problems},
  author={K{\"o}pcke, Hanna and Thor, Andreas and Rahm, Erhard},
  journal={Proceedings of the VLDB Endowment},
  volume={3},
  number={1-2},
  pages={484--493},
  year={2010},
  publisher={VLDB Endowment}
}

@article{wang2012crowder,
  title={Crowder: Crowdsourcing entity resolution},
  author={Wang, Jiannan and Kraska, Tim and Franklin, Michael J and Feng, Jianhua},
  journal={Proceedings of the VLDB Endowment},
  volume={5},
  number={11},
  pages={1483--1494},
  year={2012},
  publisher={VLDB Endowment}
}

@inproceedings{gokhale2014corleone,
  title={Corleone: hands-off crowdsourcing for entity matching},
  author={Gokhale, Chaitanya and Das, Sanjib and Doan, AnHai and Naughton, Jeffrey F and Rampalli, Narasimhan and Shavlik, Jude and Zhu, Xiaojin},
  booktitle={Proceedings of the 2014 ACM SIGMOD international conference on Management of data},
  pages={601--612},
  year={2014},
  organization={ACM}
}

@article{ebraheem2017deeper,
  title={DeepER--Deep Entity Resolution},
  author={Ebraheem, Muhammad and Thirumuruganathan, Saravanan and Joty, Shafiq and Ouzzani, Mourad and Tang, Nan},
  journal={arXiv preprint arXiv:1710.00597},
  year={2017}
}

@article{yi2017method,
  title={A Method for Entity Resolution in High Dimensional Data Using Ensemble Classifiers},
  author={Yi, Liu and Xing-chun, Diao and Jian-jun, Cao and Xing, Zhou and Yu-ling, Shang},
  journal={Mathematical Problems in Engineering},
  volume={2017},
  year={2017},
  publisher={Hindawi}
}

@article{varma2017relic,
  title={ReLiC: Entity Profiling by using Random Forest and Trustworthiness of a Source-Technical Report},
  author={Varma, Shubham and Sameer, Neyshith and Chowdary, C Ravindranath},
  journal={arXiv preprint arXiv:1702.00921},
  year={2017}
}

@inproceedings{schroff2015facenet,
  title={Facenet: A unified embedding for face recognition and clustering},
  author={Schroff, Florian and Kalenichenko, Dmitry and Philbin, James},
  booktitle={Proceedings of the IEEE conference on computer vision and pattern recognition},
  pages={815--823},
  year={2015}
}

@article{kopcke2010evaluation,
  title={Evaluation of entity resolution approaches on real-world match problems},
  author={K{\"o}pcke, Hanna and Thor, Andreas and Rahm, Erhard},
  journal={Proceedings of the VLDB Endowment},
  volume={3},
  number={1-2},
  pages={484--493},
  year={2010},
  publisher={VLDB Endowment}
}

@article{trigueros2017enhancing,
  title={Enhancing Convolutional Neural Networks for Face Recognition with Occlusion Maps and Batch Triplet Loss},
  author={Trigueros, Daniel S{\'a}ez and Meng, Li and Hartnett, Margaret},
  journal={arXiv preprint arXiv:1707.07923},
  year={2017}
}
