@inproceedings{singh-generating,
 author = {Singh, Rohit and Meduri, Vamsi and Elmagarmid, Ahmed and Madden, Samuel and Papotti, Paolo and   Quian{\'e}-Ruiz, Jorge-Arnulfo and Solar-Lezama, Armando and Tang, Nan},
 title = {Generating Concise Entity Matching Rules},
 booktitle = {Proceedings of the 2017 ACM International Conference on Management of Data},
 series = {SIGMOD '17},
 year = {2017},
 isbn = {978-1-4503-4197-4},
 location = {Chicago, Illinois, USA},
 pages = {1635--1638},
 numpages = {4},
 url = {http://doi.acm.org/10.1145/3035918.3058739},
 doi = {10.1145/3035918.3058739},
 acmid = {3058739},
 publisher = {ACM},
 address = {New York, NY, USA},
 keywords = {disjunctive normal forms, entity matching, general boolean formulas, program synthesis},
}

@article{konda-magellan,
 author = {Konda, Pradap and Das, Sanjib and Suganthan G. C., Paul and Doan, AnHai and Ardalan, Adel and Ballard, Jeffrey R. and Li, Han and Panahi, Fatemah and Zhang, Haojun and Naughton, Jeff and Prasad, Shishir and Krishnan, Ganesh and Deep, Rohit and Raghavendra, Vijay},
 title = {Magellan: Toward Building Entity Matching Management Systems},
 journal = {Proc. VLDB Endow.},
 issue_date = {August 2016},
 volume = {9},
 number = {12},
 month = aug,
 year = {2016},
 issn = {2150-8097},
 pages = {1197--1208},
 numpages = {12},
 url = {http://dx.doi.org/10.14778/2994509.2994535},
 doi = {10.14778/2994509.2994535},
 acmid = {2994535},
 publisher = {VLDB Endowment},
}

@article{elmagarmid-duplicate-record-detection,
  title={Duplicate record detection: A survey},
  author={Elmagarmid, Ahmed K and Ipeirotis, Panagiotis G and Verykios, Vassilios S},
  journal={IEEE Transactions on knowledge and data engineering},
  volume={19},
  number={1},
  pages={1--16},
  year={2007},
  publisher={IEEE}
}

@article{kopcke-evaluation,
  title={Evaluation of entity resolution approaches on real-world match problems},
  author={K{\"o}pcke, Hanna and Thor, Andreas and Rahm, Erhard},
  journal={Proceedings of the VLDB Endowment},
  volume={3},
  number={1-2},
  pages={484--493},
  year={2010},
  publisher={VLDB Endowment}
}

@article{naumann-introduction,
  title={An introduction to duplicate detection},
  author={Naumann, Felix and Herschel, Melanie},
  journal={Synthesis Lectures on Data Management},
  volume={2},
  number={1},
  pages={1--87},
  year={2010},
  publisher={Morgan \& Claypool Publishers}
}

@incollection{mikolov-distributed,
title = {Distributed Representations of Words and Phrases and their Compositionality},
author = {Mikolov, Tomas and Sutskever, Ilya and Chen, Kai and Corrado, Greg S and Dean, Jeff},
booktitle = {Advances in Neural Information Processing Systems 26},
editor = {C. J. C. Burges and L. Bottou and M. Welling and Z. Ghahramani and K. Q. Weinberger},
pages = {3111--3119},
year = {2013},
publisher = {Curran Associates, Inc.},
url = {http://papers.nips.cc/paper/5021-distributed-representations-of-words-and-phrases-and-their-compositionality.pdf}
}

@article{goodfellow-deep-learning,
  title={Deep Learning.(2016)},
  author={Goodfellow, Ian and Bengio, Yoshua and Courville, Aaron},
  journal={Book in preparation for MIT Press. URL: http://www. deeplearningbook. org},
  year={2016}
}

@inproceedings{pennington-glove,
  author = {Jeffrey Pennington and Richard Socher and Christopher D. Manning},
  booktitle = {Empirical Methods in Natural Language Processing (EMNLP)},
  title = {GloVe: Global Vectors for Word Representation},
  year = {2014},
  pages = {1532--1543},
  url = {http://www.aclweb.org/anthology/D14-1162},
}

@article{fellegi-theory,
 ISSN = {01621459},
 URL = {http://www.jstor.org/stable/2286061},
 author = {Ivan P. Fellegi and Alan B. Sunter},
 journal = {Journal of the American Statistical Association},
 number = {328},
 pages = {1183--1210},
 publisher = {[American Statistical Association, Taylor & Francis, Ltd.]},
 title = {A Theory for Record Linkage},
 volume = {64},
 year = {1969}
}

@inproceedings{bilenko-adaptive,
 author = {Bilenko, Mikhail and Mooney, Raymond J.},
 title = {Adaptive Duplicate Detection Using Learnable String Similarity Measures},
 booktitle = {Proceedings of the Ninth ACM SIGKDD International Conference on Knowledge Discovery and Data Mining},
 series = {KDD '03},
 year = {2003},
 isbn = {1-58113-737-0},
 location = {Washington, D.C.},
 pages = {39--48},
 numpages = {10},
 url = {http://doi.acm.org/10.1145/956750.956759},
 doi = {10.1145/956750.956759},
 acmid = {956759},
 publisher = {ACM},
 address = {New York, NY, USA},
 keywords = {SVM applications, data cleaning, distance metric learning, record linkage, string edit distance, trained similarity measures},
}

@inproceedings{liu-opinion,
  added-at = {2015-10-31T00:00:00.000+0100},
  author = {Liu, Pengfei and Joty, Shafiq R. and Meng, Helen M.},
  biburl = {https://www.bibsonomy.org/bibtex/2cd541530016161c08b830964eb369a56/dblp},
  booktitle = {EMNLP},
  crossref = {conf/emnlp/2015},
  editor = {Màrquez, Lluís and Callison-Burch, Chris and Su, Jian and Pighin, Daniele and Marton, Yuval},
  ee = {http://aclweb.org/anthology/D/D15/D15-1168.pdf},
  interhash = {12c1dc3c0dd4750c30c59e7774750702},
  intrahash = {cd541530016161c08b830964eb369a56},
  isbn = {978-1-941643-32-7},
  keywords = {dblp},
  pages = {1433-1443},
  publisher = {The Association for Computational Linguistics},
  timestamp = {2015-11-03T11:36:48.000+0100},
  title = {Fine-grained Opinion Mining with Recurrent Neural Networks and Word Embeddings.},
  url = {http://dblp.uni-trier.de/db/conf/emnlp/emnlp2015.html#LiuJM15},
  year = 2015
}

@inproceedings{socher-recursive,
  title={Recursive deep models for semantic compositionality over a sentiment treebank},
  author={Socher, Richard and Perelygin, Alex and Wu, Jean and Chuang, Jason and Manning, Christopher D and Ng, Andrew and Potts, Christopher},
  booktitle={Proceedings of the 2013 conference on empirical methods in natural language processing},
  pages={1631--1642},
  year={2013}
}

@article{hochreiter-long,
  title={Long short-term memory},
  author={Hochreiter, Sepp and Schmidhuber, J{\"u}rgen},
  journal={Neural computation},
  volume={9},
  number={8},
  pages={1735--1780},
  year={1997},
  publisher={MIT Press}
}

@article{schuster-bidirectional,
  title={Bidirectional recurrent neural networks},
  author={Schuster, Mike and Paliwal, Kuldip K},
  journal={IEEE Transactions on Signal Processing},
  volume={45},
  number={11},
  pages={2673--2681},
  year={1997},
  publisher={IEEE}
}

@article{bengio-learning,
  title={Learning long-term dependencies with gradient descent is difficult},
  author={Bengio, Yoshua and Simard, Patrice and Frasconi, Paolo},
  journal={IEEE transactions on neural networks},
  volume={5},
  number={2},
  pages={157--166},
  year={1994},
  publisher={IEEE}
}

@misc{benchmark-datasets,
  title = {Benchmark datasets for entity resolution},
  howpublished = {\url{https: //dbs.uni-leipzig.de/en/research/projects/object matching/fever/benchmark_datasets_for_entity_resolution}},
  note = {Accessed: 2018-02-11}
}

@article{wang-entity,
  title={Entity matching: How similar is similar},
  author={Wang, Jiannan and Li, Guoliang and Yu, Jeffrey Xu and Feng, Jianhua},
  journal={Proceedings of the VLDB Endowment},
  volume={4},
  number={10},
  pages={622--633},
  year={2011},
  publisher={VLDB Endowment}
}

@article{mitchell-composition,
  title={Composition in distributional models of semantics},
  author={Mitchell, Jeff and Lapata, Mirella},
  journal={Cognitive science},
  volume={34},
  number={8},
  pages={1388--1429},
  year={2010},
  publisher={Wiley Online Library}
}

@article{wang-crowd-er,
  title={Crowder: Crowdsourcing entity resolution},
  author={Wang, Jiannan and Kraska, Tim and Franklin, Michael J and Feng, Jianhua},
  journal={Proceedings of the VLDB Endowment},
  volume={5},
  number={11},
  pages={1483--1494},
  year={2012},
  publisher={VLDB Endowment}
}

@article{mikolov-efficient,
  title={Efficient estimation of word representations in vector space},
  author={Mikolov, Tomas and Chen, Kai and Corrado, Greg and Dean, Jeffrey},
  journal={arXiv preprint arXiv:1301.3781},
  year={2013}
}

@inproceedings{le-distributed,
  title={Distributed representations of sentences and documents},
  author={Le, Quoc and Mikolov, Tomas},
  booktitle={International Conference on Machine Learning},
  pages={1188--1196},
  year={2014}
}

@inproceedings{gokhale-corleone,
  title={Corleone: hands-off crowdsourcing for entity matching},
  author={Gokhale, Chaitanya and Das, Sanjib and Doan, AnHai and Naughton, Jeffrey F and Rampalli, Narasimhan and Shavlik, Jude and Zhu, Xiaojin},
  booktitle={Proceedings of the 2014 ACM SIGMOD international conference on Management of data},
  pages={601--612},
  year={2014},
  organization={ACM}
}

@article{ebraheem-deep-er,
  title={DeepER--Deep Entity Resolution},
  author={Ebraheem, Muhammad and Thirumuruganathan, Saravanan and Joty, Shafiq and Ouzzani, Mourad and Tang, Nan},
  journal={arXiv preprint arXiv:1710.00597},
  year={2017}
}

@article{yi-method,
  title={A Method for Entity Resolution in High Dimensional Data Using Ensemble Classifiers},
  author={Yi, Liu and Xing-chun, Diao and Jian-jun, Cao and Xing, Zhou and Yu-ling, Shang},
  journal={Mathematical Problems in Engineering},
  volume={2017},
  year={2017},
  publisher={Hindawi}
}

@article{varma-relic,
  title={ReLiC: Entity Profiling by using Random Forest and Trustworthiness of a Source-Technical Report},
  author={Varma, Shubham and Sameer, Neyshith and Chowdary, C Ravindranath},
  journal={arXiv preprint arXiv:1702.00921},
  year={2017}
}

@article{yang-distance,
  title={Distance metric learning: A comprehensive survey},
  author={Yang, Liu and Jin, Rong},
  journal={Michigan State Universiy},
  volume={2},
  number={2},
  year={2006}
}

@inproceedings{schroff-facenet,
  title={Facenet: A unified embedding for face recognition and clustering},
  author={Schroff, Florian and Kalenichenko, Dmitry and Philbin, James},
  booktitle={Proceedings of the IEEE conference on computer vision and pattern recognition},
  pages={815--823},
  year={2015}
}

@inproceedings{koch-siamese,
  title={Siamese neural networks for one-shot image recognition},
  author={Koch, Gregory and Zemel, Richard and Salakhutdinov, Ruslan},
  booktitle={ICML Deep Learning Workshop},
  volume={2},
  year={2015}
}

@inproceedings{mueller-siamese,
  title={Siamese Recurrent Architectures for Learning Sentence Similarity.},
  author={Mueller, Jonas and Thyagarajan, Aditya},
  booktitle={AAAI},
  pages={2786--2792},
  year={2016}
}

@article{collobert-natural,
  title={Natural language processing (almost) from scratch},
  author={Collobert, Ronan and Weston, Jason and Bottou, L{\'e}on and Karlen, Michael and Kavukcuoglu, Koray and Kuksa, Pavel},
  journal={Journal of Machine Learning Research},
  volume={12},
  number={Aug},
  pages={2493--2537},
  year={2011}
}

@book{mandic-recurrent,
  title={Recurrent neural networks for prediction: learning algorithms, architectures and stability},
  author={Mandic, Danilo P and Chambers, Jonathon A and others},
  year={2001},
  publisher={Wiley Online Library}
}

@inproceedings{ramos-using,
  title={Using tf-idf to determine word relevance in document queries},
  author={Ramos, Juan and others},
  booktitle={Proceedings of the first instructional conference on machine learning},
  volume={242},
  pages={133--142},
  year={2003}
}

@inproceedings{chopra-learning,
  title={Learning a similarity metric discriminatively, with application to face verification},
  author={Chopra, Sumit and Hadsell, Raia and LeCun, Yann},
  booktitle={Computer Vision and Pattern Recognition, 2005. CVPR 2005. IEEE Computer Society Conference on},
  volume={1},
  pages={539--546},
  year={2005},
  organization={IEEE}
}